@article{gali_2005_monetary,
  author = {Gali, Jordi and Monacelli, Tommaso},
  month = {07},
  pages = {707-734},
  title = {Monetary Policy and Exchange Rate Volatility in a Small Open Economy},
  doi = {10.1111/j.1467-937x.2005.00349.x},
  volume = {72},
  year = {2005},
  journal = {Review of Economic Studies}
}

@book{jordigal_2015_monetary,
  author = {Jordi Galí},
  publisher = {Princeton University Press},
  title = {Monetary policy, inflation, and the business cycle : an introduction to the new Keynesian framework and its applications},
  year = {2015}
}

@misc{ricci_2019_essays,
  author = {Ricci, Mattia},
  title = {Essays in macroeconomics and fiscal policy},
  url = {https://theses.gla.ac.uk/73043/},
  urldate = {2023-06-14},
  year = {2019},
  organization = {theses.gla.ac.uk}
}

@article{rabanal_2010_eurodollar,
  author = {Rabanal, Pau and Tuesta, Vicente},
  pages = {780–797},
  title = {Euro-dollar real exchange rate dynamics in an estimated two-country model: An assessment},
  url = {https://econpapers.repec.org/RePEc:eee:dyncon:v:34:y:2010:i:4:p:780-797},
  urldate = {2023-06-14},
  volume = {34},
  year = {2010},
  journal = {Journal of Economic Dynamics and Control}
}

@article{kolasa_2009_structural,
  author = {Kolasa, Marcin},
  month = {11},
  pages = {1245-1269},
  title = {Structural heterogeneity or asymmetric shocks? Poland and the euro area through the lens of a two-country DSGE model},
  doi = {10.1016/j.econmod.2009.06.001},
  urldate = {2020-03-01},
  volume = {26},
  year = {2009},
  journal = {Economic Modelling}
}

@article{gregorydewalque_2017_an,
  author = {Gregory de Walque and Philippe Jeanfils and Lejeune, Thomas and Yuliya Rychalovska and Wouters, Rafael},
  month = {03},
  title = {An estimated two-country EA-US model with limited exchange rate pass-through},
  urldate = {2023-06-14},
  year = {2017},
  journal = {}
}

@article{smets_2004_forecasting,
  author = {Smets, Frank and Wouters, Rafael},
  title = {Forecasting with a Bayesian DSGE Model: An Application to the Euro Area},
  doi = {10.2139/ssrn.1691481},
  urldate = {2020-03-01},
  year = {2004},
  journal = {SSRN Electronic Journal}
}

@article{benigno_2001_price,
  author = {Benigno, Pierpaolo},
  title = {Price Stability with Imperfect Financial Integration},
  doi = {10.2139/ssrn.271329},
  urldate = {2020-12-15},
  year = {2001},
  journal = {SSRN Electronic Journal}
}

@article{gals_2007_macroeconomic,
  author = {Galsí, Jordi and Gertler, Mark},
  month = {11},
  pages = {25-45},
  title = {Macroeconomic Modeling for Monetary Policy Evaluation},
  doi = {10.1257/jep.21.4.25},
  volume = {21},
  year = {2007},
  journal = {Journal of Economic Perspectives}
}

@misc{boe_2023_monetary,
  author = {BoE, },
  month = {05},
  publisher = {Bank of England},
  title = {Monetary Policy Summary and minutes of the Monetary Policy Committee meeting ending on 10 May 2023},
  url = {https://www.bankofengland.co.uk/-/media/boe/files/monetary-policy-summary-and-minutes/2023/monetary-policy-summary-and-minutes-may-2023.pdf},
  urldate = {2023-06-16},
  year = {2023},
  organization = {https://www.bankofengland.co.uk}
}

@article{prescott_1986_theory,
  author = {Prescott, Edward C.},
  month = {09},
  pages = {11-44},
  title = {Theory ahead of business-cycle measurement},
  doi = {10.1016/0167-2231(86)90035-7},
  urldate = {2019-11-24},
  volume = {25},
  year = {1986},
  journal = {Carnegie-Rochester Conference Series on Public Policy}
}

@article{kydland_1982_time,
  author = {Kydland, Finn E. and Prescott, Edward C.},
  month = {11},
  pages = {1345},
  title = {Time to Build and Aggregate Fluctuations},
  doi = {10.2307/1913386},
  volume = {50},
  year = {1982},
  journal = {Econometrica}
}

@article{blanchard_2018_on,
  author = {Blanchard, Olivier},
  pages = {43-54},
  title = {On the future of macroeconomic models},
  doi = {10.1093/oxrep/grx045},
  volume = {34},
  year = {2018},
  journal = {Oxford Review of Economic Policy}
}

@article{blanchard_2000_what,
  author = {Blanchard, Olivier},
  month = {11},
  pages = {1375-1409},
  title = {What Do We Know about Macroeconomics that Fisher and Wicksell Did Not?},
  doi = {10.1162/003355300554999},
  urldate = {2020-09-15},
  volume = {115},
  year = {2000},
  journal = {The Quarterly Journal of Economics}
}

@article{roberts_2001_optimal,
  author = {Roberts, Gareth O. and Rosenthal, Jeffrey S.},
  pages = {351–367},
  title = {Optimal Scaling for Various Metropolis-Hastings Algorithms},
  url = {https://www.jstor.org/stable/3182776},
  urldate = {2023-07-16},
  volume = {16},
  year = {2001},
  journal = {Statistical Science}
}

@article{baxter_1993_fiscal,
  author = {Baxter, Marianne and King, Robert G.},
  pages = {315–334},
  title = {Fiscal Policy in General Equilibrium},
  url = {https://www.jstor.org/stable/2117521},
  volume = {83},
  year = {1993},
  journal = {The American Economic Review}
}

@article{blanchard_2002_an,
  author = {Blanchard, Olivier and Perotti, Roberto},
  pages = {1329–1368},
  title = {An Empirical Characterization of the Dynamic Effects of Changes in Government Spending and Taxes on Output},
  url = {https://www.jstor.org/stable/4132480},
  volume = {117},
  year = {2002},
  journal = {The Quarterly Journal of Economics}
}

@article{jordigal_2005_understanding,
  author = {Jordi Galí and J. David López-Salido and Vallés, Javier},
  month = {08},
  title = {Understanding the Effects of Government Spending on Consumption},
  doi = {10.3386/w11578},
  urldate = {2023-07-22},
  year = {2005},
  journal = {}
}

@article{eskelinen_2021_monetary,
  author = {Eskelinen, Maria},
  title = {Monetary Policy, Agent Heterogeneity and Inequality: Insights from a Three-Agent New Keynesian Model},
  doi = {10.2139/ssrn.3929824},
  urldate = {2021-12-13},
  year = {2021},
  journal = {SSRN Electronic Journal}
}

@article{uhlig_1995_a,
  author = {Uhlig, Harald},
  month = {06},
  title = {A Toolkit for Analyzing Nonlinear Dynamic Stochastic Models Easily},
  doi = {10.21034/dp.101},
  urldate = {2023-07-22},
  year = {1995},
  journal = {}
}

@misc{oecd_2022_international,
  author = {OECD},
  title = {International trade - Terms of trade - OECD Data},
  url = {https://data.oecd.org/trade/terms-of-trade.htm},
  year = {2022},
  organization = {https://data.oecd.org}
}

@article{calvo_1983_staggered,
  author = {Calvo, Guillermo A.},
  month = {09},
  pages = {383-398},
  title = {Staggered prices in a utility-maximizing framework},
  doi = {10.1016/0304-3932(83)90060-0},
  volume = {12},
  year = {1983},
  journal = {Journal of Monetary Economics}
}

@misc{adjemian_2021_dynare,
  author = {Adjemian, Stéphane and Bastani, Houtan and Juillard, Michel and Karamé, Frédéric and Maih, Junior and Mihoubi, Ferhat and Mutschler, Willi and Perendia, George and Pfeifer, Johannes and Ratto, Marco and Villemot, Sébastien},
  month = {03},
  title = {Dynare: Reference Manual Version 4},
  url = {https://econpapers.repec.org/RePEc:cpm:dynare:001},
  urldate = {2023-07-22},
  year = {2021},
  organization = {RePEc - Econpapers}
}

@misc{pfeifer_2018_a,
  author = {Pfeifer, Johannes},
  title = {A Guide to Specifying Observation Equations for the Estimation of DSGE Models},
  url = {https://randomwalk.top/wp-content/uploads/2020/04/Pfeifer_2013_Observation_Equations.pdf},
  urldate = {2023-06-14},
  year = {2018}
}

@book{snowdon_1994_a,
  author = {Snowdon, Brian and Vane, Howard R and Wynarczyk, Peter},
  publisher = {Edward Elgar Pub},
  title = {A Modern Guide to Macroeconomics},
  year = {1994}
}

@article{smets_2007_shocks,
  author = {Smets, Frank and Wouters, Rafael},
  pages = {586–606},
  title = {Shocks and Frictions in US Business Cycles: A Bayesian DSGE Approach},
  url = {https://www.jstor.org/stable/30035013},
  volume = {97},
  year = {2007},
  journal = {The American Economic Review}
}

@article{smets_2003_an,
  author = {Smets, Frank and Wouters, Raf},
  month = {09},
  pages = {1123-1175},
  title = {An Estimated Dynamic Stochastic General Equilibrium Model of the Euro Area},
  doi = {10.1162/154247603770383415},
  urldate = {2019-08-22},
  volume = {1},
  year = {2003},
  journal = {Journal of the European Economic Association}
}

@article{gunter_2017_estimating,
  author = {Gunter, Ulrich},
  month = {12},
  pages = {1283-1323},
  title = {Estimating and forecasting with a two-country DSGE model of the Euro area and the USA: the merits of diverging interest-rate rules},
  doi = {10.1007/s00181-017-1383-6},
  urldate = {2023-06-14},
  volume = {56},
  year = {2017},
  journal = {}
}

@article{herv_2011_the,
  author = {Hervé, Karine and Pain, Nigel and Richardson, Pete and Sédillot, Franck and Beffy, Pierre-Olivier},
  month = {01},
  pages = {589-601},
  title = {The OECD's new global model},
  doi = {10.1016/j.econmod.2010.06.012},
  urldate = {2022-12-30},
  volume = {28},
  year = {2011},
  journal = {Economic Modelling}
}

@book{mrivantchakarov_2004_gem,
  author = {Mr.Ivan Tchakarov and Karam, Mr.Philippe D and Bayoumi, Mr.Tamim and Mr.Hamid Faruqee and Hunt, Mr.Benjamin and Laxton, Mr.Douglas and Lee, Mr.Jaewoo and Mr.Alessandro Rebucci},
  month = {11},
  publisher = {International Monetary Fund},
  title = {GEM},
  year = {2004}
}

@misc{albonico_2019_the,
  author = {Albonico, Alice and Calès, Ludovic and Cardani, Roberta and Croitorov, Olga and Di Dio, Fabio and Ferroni, Filippo and Giovannini, Massimo and Hohberger, Stefan and Pataracchia, Beatrice and Pericoli, Filippo Maria and Pfeiffer, Philipp and Raciborski, Rafal and Ratto, Marco and Roeger, Werner and Vogel, Lukas},
  month = {07},
  title = {The Global Multi-Country Model (GM): An Estimated DSGE Model for Euro Area Countries},
  url = {https://econpapers.repec.org/RePEc:euf:dispap:102},
  urldate = {2023-08-07},
  year = {2019},
  organization = {RePEc - Econpapers}
}