@article{gali_2005_monetary,
  author = {Gali, Jordi and Monacelli, Tommaso},
  month = {07},
  pages = {707-734},
  title = {Monetary Policy and Exchange Rate Volatility in a Small Open Economy},
  doi = {10.1111/j.1467-937x.2005.00349.x},
  volume = {72},
  year = {2005},
  journal = {Review of Economic Studies}
}

@book{jordigal_2015_monetary,
  author = {Jordi Galí},
  publisher = {Princeton University Press},
  title = {Monetary policy, inflation, and the business cycle : an introduction to the new Keynesian framework and its applications},
  year = {2015}
}

@misc{ricci_2019_essays,
  author = {Ricci, Mattia},
  title = {Essays in macroeconomics and fiscal policy},
  url = {https://theses.gla.ac.uk/73043/},
  urldate = {2023-06-14},
  year = {2019},
  organization = {theses.gla.ac.uk}
}

@article{rabanal_2010_eurodollar,
  author = {Rabanal, Pau and Tuesta, Vicente},
  pages = {780–797},
  title = {Euro-dollar real exchange rate dynamics in an estimated two-country model: An assessment},
  url = {https://econpapers.repec.org/RePEc:eee:dyncon:v:34:y:2010:i:4:p:780-797},
  urldate = {2023-06-14},
  volume = {34},
  year = {2010},
  journal = {Journal of Economic Dynamics and Control}
}

@article{kolasa_2009_structural,
  author = {Kolasa, Marcin},
  month = {11},
  pages = {1245-1269},
  title = {Structural heterogeneity or asymmetric shocks? Poland and the euro area through the lens of a two-country DSGE model},
  doi = {10.1016/j.econmod.2009.06.001},
  urldate = {2020-03-01},
  volume = {26},
  year = {2009},
  journal = {Economic Modelling}
}

@article{gregorydewalque_2017_an,
  author = {Gregory de Walque and Philippe Jeanfils and Lejeune, Thomas and Yuliya Rychalovska and Wouters, Rafael},
  month = {03},
  title = {An estimated two-country EA-US model with limited exchange rate pass-through},
  urldate = {2023-06-14},
  year = {2017},
  journal = {}
}

@article{smets_2004_forecasting,
  author = {Smets, Frank and Wouters, Rafael},
  title = {Forecasting with a Bayesian DSGE Model: An Application to the Euro Area},
  doi = {10.2139/ssrn.1691481},
  urldate = {2020-03-01},
  year = {2004},
  journal = {SSRN Electronic Journal}
}

@article{benigno_2001_price,
  author = {Benigno, Pierpaolo},
  title = {Price Stability with Imperfect Financial Integration},
  doi = {10.2139/ssrn.271329},
  urldate = {2020-12-15},
  year = {2001},
  journal = {SSRN Electronic Journal}
}